@inproceedings{velloso:hal-01599657,
  TITLE = {{Interactions Under the Desk: A Characterisation of Foot Movements for Input in a Seated Position}},
  AUTHOR = {Velloso, Eduardo and Alexander, Jason and Bulling, Andreas and Gellersen, Hans},
  URL = {https://hal.inria.fr/hal-01599657},
  BOOKTITLE = {{15th Human-Computer Interaction (INTERACT)}},
  ADDRESS = {Bamberg, Germany},
  SERIES = {Human-Computer Interaction -- INTERACT 2015},
  VOLUME = {LNCS-9296},
  NUMBER = {Part I},
  PAGES = {384-401},
  YEAR = {2015},
  MONTH = Sep,
  DOI = {10.1007/978-3-319-22701-6\_29},
  KEYWORDS = {Foot-based interfaces ; Fitts's law ; Interaction techniques},
  PDF = {https://hal.inria.fr/hal-01599657/file/346937_1_En_29_Chapter.pdf},
  HAL_ID = {hal-01599657},
  HAL_VERSION = {v1},
}

@inproceedings{Horodniczy:2017:FHE:3025453.3025625,
 author = {Horodniczy, Daniel and Cooperstock, Jeremy R.},
 title = {Free the Hands! Enhanced Target Selection via a Variable-Friction Shoe},
 booktitle = {Proceedings of the 2017 CHI Conference on Human Factors in Computing Systems},
 series = {CHI '17},
 year = {2017},
 isbn = {978-1-4503-4655-9},
 location = {Denver, Colorado, USA},
 pages = {255--259},
 numpages = {5},
 url = {http://doi.acm.org/10.1145/3025453.3025625},
 doi = {10.1145/3025453.3025625},
 acmid = {3025625},
 publisher = {ACM},
 address = {New York, NY, USA},
 keywords = {fitts' law, foot-controlled input, haptic feedback, variable friction},
} 

@article{Pearson:1988:EET:49108.1046356,
 author = {Pearson, Glenn and Weiser, Mark},
 title = {EXPLORATORY EVALUATIONS OF TWO VERSIONS OF A FOOT-OPERATED CURSOR-POSITIONING DEVICE IN A TARGET-SELECTION TASK},
 journal = {SIGCHI Bull.},
 issue_date = {January 1988},
 volume = {19},
 number = {3},
 month = jan,
 year = {1988},
 issn = {0736-6906},
 pages = {70--75},
 numpages = {6},
 url = {http://doi.acm.org/10.1145/49108.1046356},
 doi = {10.1145/49108.1046356},
 acmid = {1046356},
 publisher = {ACM},
 address = {New York, NY, USA},
} 

@inproceedings{Pearson:1986:MMD:22627.22392,
 author = {Pearson, G. and Weiser, M.},
 title = {Of Moles and Men: The Design of Foot Controls for Workstations},
 booktitle = {Proceedings of the SIGCHI Conference on Human Factors in Computing Systems},
 series = {CHI '86},
 year = {1986},
 isbn = {0-89791-180-6},
 location = {Boston, Massachusetts, USA},
 pages = {333--339},
 numpages = {7},
 url = {http://doi.acm.org/10.1145/22627.22392},
 doi = {10.1145/22627.22392},
 acmid = {22392},
 publisher = {ACM},
 address = {New York, NY, USA},
} 

@article{110004704997,
author="田中 則子 and 上田 知生 and 中尾 恵 and 佐藤 哲大 and 湊 小太郎 and 吉田 正樹 and 纐纈 和美",
title="足指マウス開発にむけての基礎的検討 : 母指の運動特性",
journal="生体医工学 : 日本エム・イー学会誌",
ISSN="1347443X",
publisher="社団法人日本生体医工学会",
year="2005",
month="dec",
volume="43",
number="4",
pages="790-794",
URL="https://ci.nii.ac.jp/naid/110004704997/",
DOI="",
}

@ARTICLE{1698228, 
author={W. K. English and D. C. Engelbart and M. L. Berman}, 
journal={IEEE Transactions on Human Factors in Electronics}, 
title={Display-Selection Techniques for Text Manipulation}, 
year={1967}, 
volume={HFE-8}, 
number={1}, 
pages={5-15}, 
keywords={Mice;Keyboards;Computer displays;Cathode ray tubes;System testing;Fasteners;Real time systems;Proposals;Writing;Performance evaluation}, 
doi={10.1109/THFE.1967.232994}, 
ISSN={0096-249X}, 
month={March},}

@ARTICLE{1937ASAJ....8..185S,
   author = {{Stevens}, S.~S.},
    title = "{A Scale for the Measurement of the Psychological Magnitude Pitch}",
  journal = {Acoustical Society of America Journal},
     year = 1937,
   volume = 8,
    pages = {185},
      doi = {10.1121/1.1915893},
   adsurl = {http://adsabs.harvard.edu/abs/1937ASAJ....8..185S},
  adsnote = {Provided by the SAO/NASA Astrophysics Data System}
}

@inproceedings{Alexander:2012:PYB:2207676.2208575,
 author = {Alexander, Jason and Han, Teng and Judd, William and Irani, Pourang and Subramanian, Sriram},
 title = {Putting Your Best Foot Forward: Investigating Real-world Mappings for Foot-based Gestures},
 booktitle = {Proceedings of the SIGCHI Conference on Human Factors in Computing Systems},
 series = {CHI '12},
 year = {2012},
 isbn = {978-1-4503-1015-4},
 location = {Austin, Texas, USA},
 pages = {1229--1238},
 numpages = {10},
 url = {http://doi.acm.org/10.1145/2207676.2208575},
 doi = {10.1145/2207676.2208575},
 acmid = {2208575},
 publisher = {ACM},
 address = {New York, NY, USA},
 keywords = {foot gestures, foot-based interaction, mobile device interaction},
} 

@inproceedings{Felberbaum:2018:BUF:3173574.3173908,
 author = {Felberbaum, Yasmin and Lanir, Joel},
 title = {Better Understanding of Foot Gestures: An Elicitation Study},
 booktitle = {Proceedings of the 2018 CHI Conference on Human Factors in Computing Systems},
 series = {CHI '18},
 year = {2018},
 isbn = {978-1-4503-5620-6},
 location = {Montreal QC, Canada},
 pages = {334:1--334:12},
 articleno = {334},
 numpages = {12},
 url = {http://doi.acm.org/10.1145/3173574.3173908},
 doi = {10.1145/3173574.3173908},
 acmid = {3173908},
 publisher = {ACM},
 address = {New York, NY, USA},
 keywords = {elicitation study, foot gestures, foot interaction, user-defined gesture set},
} 

@inproceedings{Xiao:2018:LOP:3173574.3173669,
 author = {Xiao, Robert and Cao, Teng and Guo, Ning and Zhuo, Jun and Zhang, Yang and Harrison, Chris},
 title = {LumiWatch: On-Arm Projected Graphics and Touch Input},
 booktitle = {Proceedings of the 2018 CHI Conference on Human Factors in Computing Systems},
 series = {CHI '18},
 year = {2018},
 isbn = {978-1-4503-5620-6},
 location = {Montreal QC, Canada},
 pages = {95:1--95:11},
 articleno = {95},
 numpages = {11},
 url = {http://doi.acm.org/10.1145/3173574.3173669},
 doi = {10.1145/3173574.3173669},
 acmid = {3173669},
 publisher = {ACM},
 address = {New York, NY, USA},
 keywords = {depth sensing, on-body interaction, projection, smartwatch, time-of-flight, touch interaction},
} 

@inproceedings{Fan:2017:ESF:3123021.3123043,
 author = {Fan, Mingming and Ding, Yizheng and Shen, Fang and You, Yuhui and Yu, Zhi},
 title = {An Empirical Study of Foot Gestures for Hands-occupied Mobile Interaction},
 booktitle = {Proceedings of the 2017 ACM International Symposium on Wearable Computers},
 series = {ISWC '17},
 year = {2017},
 isbn = {978-1-4503-5188-1},
 location = {Maui, Hawaii},
 pages = {172--173},
 numpages = {2},
 url = {http://doi.acm.org/10.1145/3123021.3123043},
 doi = {10.1145/3123021.3123043},
 acmid = {3123043},
 publisher = {ACM},
 address = {New York, NY, USA},
 keywords = {foot gestures, hands-busy, user-defined gestures},
} 

@inproceedings{Saunders:2016:TFI:2901790.2901815,
 author = {Saunders, William and Vogel, Daniel},
 title = {Tap-Kick-Click: Foot Interaction for a Standing Desk},
 booktitle = {Proceedings of the 2016 ACM Conference on Designing Interactive Systems},
 series = {DIS '16},
 year = {2016},
 isbn = {978-1-4503-4031-1},
 location = {Brisbane, QLD, Australia},
 pages = {323--333},
 numpages = {11},
 url = {http://doi.acm.org.ezproxy.tulips.tsukuba.ac.jp/10.1145/2901790.2901815},
 doi = {10.1145/2901790.2901815},
 acmid = {2901815},
 publisher = {ACM},
 address = {New York, NY, USA},
 keywords = {foot input, healthy computing, interaction technique},
} 

@inproceedings{Augsten:2010:MHI:1866029.1866064,
 author = {Augsten, Thomas and Kaefer, Konstantin and Meusel, Ren{\'e} and Fetzer, Caroline and Kanitz, Dorian and Stoff, Thomas and Becker, Torsten and Holz, Christian and Baudisch, Patrick},
 title = {Multitoe: High-precision Interaction with Back-projected Floors Based on High-resolution Multi-touch Input},
 booktitle = {Proceedings of the 23Nd Annual ACM Symposium on User Interface Software and Technology},
 series = {UIST '10},
 year = {2010},
 isbn = {978-1-4503-0271-5},
 location = {New York, New York, USA},
 pages = {209--218},
 numpages = {10},
 url = {http://doi.acm.org/10.1145/1866029.1866064},
 doi = {10.1145/1866029.1866064},
 acmid = {1866064},
 publisher = {ACM},
 address = {New York, NY, USA},
 keywords = {direct manipulation, front diffuse illumination, ftir, interactive floor, multi-touch, projection, tabletop},
} 

@masterthesis{okumura_2011,
	author = "奥村 典明",
	title = "モバイル環境における足入力インタフェースの研究",
	school = "筑波大学",
	year = 2011,
}

@masterthesis{ssuzuki_2009,
	author = "鈴木 茂徳",
	title = "フットワークインタラクションのための測域センサによる足の位置・動作の認識手法",
	school = "筑波大学",
	year = 2009,
}


@book{音響認識システム,
  author = "河原達也",
  yomi = "Tatsuya Kawahara",
  title = "音声認識システム 改訂2版",
  publisher = "オーム社",
  year = 2016,
}

@mastersthesis{山下システム,
  author = "山下徹",
  title = "重量センサを用いた冷蔵庫内におけるモノの種類および残量推定システム",
  school = "奈良先端科学技術大学院大学情報科学研究科情報科学専攻",
  year = "2014",
}

@conference{小原田システム,
  author = "{小原田和也,志築文太郎,高橋伸}",
  title = "筋電位を用いた物体の重さの推定",
  booktitle = "情報処理学会研究報告",
  year = "2016",
  volume = "Vol.2016-HCI-169",
  publisher = "情報処理学会",
}

@techreport{Mingmingシステム,
  author = "Fan Mingming, Truong Khai N., Ranjan Abhishek",
  title = "{Exploring the Use of Capacitive Sensing to Externally Measure Liquid in Fluid Containers}",
  institution = "Knowledge Media Design Institute",
  year = "2016",
}

@misc{スマートマット,
  title = "スマートマット",
  note = "https://smashop.jp/ap",
}

@misc{AIRBAR,
	title = "AIRBAR",
	note = "https://air.bar",
}
